<?xml version="1.0" encoding="UTF-8"?><collection><record><leader>07931ntm a2200553 a 4500</leader><controlfield tag="001">005984414</controlfield><controlfield tag="003">MiAaHDL</controlfield><controlfield tag="005">20190719000000.0</controlfield><controlfield tag="006">m        d        </controlfield><controlfield tag="007">cr bn ---auaua</controlfield><controlfield tag="008">090403s1705    xx            00| ||ara d</controlfield><datafield tag="035" ind1=" " ind2=" "><subfield code="a">(MiU)005984414</subfield></datafield><datafield tag="035" ind1=" " ind2=" "><subfield code="a">sdr-miu005984414</subfield></datafield><datafield tag="040" ind1=" " ind2=" "><subfield code="a">MiU</subfield><subfield code="c">MiU</subfield><subfield code="e">amremm</subfield></datafield><datafield tag="043" ind1=" " ind2=" "><subfield code="a">n-us-mi</subfield></datafield><datafield tag="100" ind1="0" ind2=" "><subfield code="6">880-01</subfield><subfield code="a">Birgivî Mehmet Efendi,</subfield><subfield code="d">approximately 1522-1573.</subfield></datafield><datafield tag="245" ind1="1" ind2="3"><subfield code="6">880-02</subfield><subfield code="a">al-Ṭarīqah al-Muḥammadīyah wa-al-sīrah al-aḥmadīyah,</subfield><subfield code="f">[1117, i.e. 1705].</subfield></datafield><datafield tag="260" ind1=" " ind2=" "><subfield code="c">[1705]</subfield></datafield><datafield tag="300" ind1=" " ind2=" "><subfield code="a">297 leaves</subfield><subfield code="b">paper ;</subfield><subfield code="c">200 x 140 (120 x 50) mm. bound to 203 x 150 mm.</subfield></datafield><datafield tag="500" ind1=" " ind2=" "><subfield code="a">Shelfmark: Ann Arbor, University of Michigan, Special Collections Library, Isl. Ms. 35</subfield></datafield><datafield tag="500" ind1=" " ind2=" "><subfield code="a">Origin: As appears in colophon on fol.294a (p.596), copied by Ibrāhīm ibn al-Ḥājī Ramaḍān. Transcription finished ("qad waqaʻa al-farāgh min taḥrīr hādhihi al-nuskhah al-sharīfah...") Muḥarram 1117 [April-May 1705].</subfield></datafield><datafield tag="500" ind1=" " ind2=" "><subfield code="a">Accompanying materials: Numerous inserts carrying extensions of the glosses (paginated pp.9-10, 15-16, 23-24, 35-36, 41-42, 45-46, 61-62, 231-232, 349-350), often sewn or tipped in.</subfield></datafield><datafield tag="500" ind1=" " ind2=" "><subfield code="a">Former shelfmark: British Museum, London "No. 111. Al-Tarikat al-muhammadiyah."</subfield></datafield><datafield tag="500" ind1=" " ind2=" "><subfield code="a">Binding: Pasteboards faced in marbled paper (in blue, yellow, pink, white) with spine, fore-edge flap, and edges/turn-ins in dark brown (to black) leather (marbled paper faced, leather edged, framed binding) ; Type II binding (with flap) ; board linings in paper ; some red leather on flap ; marbled paper has been placed over blind stamped design (central lozenge with vegetal pattern) ; sewn in white thread, two stations, with primaries in dark blue thread ; fine worked chevron endbands in red and yellow ; in poor condition with much abrasion, staining, cracking and splitting of leather at joints, etc. ; upper board nearly detached and corners exposed and delaminating ; lower board cracked ; envelope flap is entirely gone and fore-flap is detaching from lower cover ; housed in box for protection.</subfield></datafield><datafield tag="500" ind1=" " ind2=" "><subfield code="a">Support: European laid paper with roughly 11 laid lines per cm. (vertical), chain lines (horizontal) spaced 23-25 mm. apart ; watermarks include coat of arms with cross flanked by griffins, crown above and two circles below, upper with "A G R", lower with "I" (compare Heawood 755).</subfield></datafield><datafield tag="500" ind1=" " ind2=" "><subfield code="a">Decoration: Text rubricated with abbreviation symbols, overlining, keywords, section headings, etc. in red ; textual dividers in the form of red discs, three inverted commas, etc.</subfield></datafield><datafield tag="500" ind1=" " ind2=" "><subfield code="a">Script: Naskh ; clear Turkish hand ; virtually serifless, but occasional right-sloping head-serif on lām, etc. even free-standing alif ; effect of slant to the left ; mainly closed counters ; hand may change where line thickness changes (pp.351-526) but a very similar Turkish naskh.</subfield></datafield><datafield tag="500" ind1=" " ind2=" "><subfield code="a">Layout: Written in 15 lines per page ; frame-ruled (impression of ruling-board clearly evident), both central area and margins.</subfield></datafield><datafield tag="500" ind1=" " ind2=" "><subfield code="a">Collation: VI (12), 9 V(102), IV+1(111), 2 V(131), IV (139), 3 V(169), III (175), 7 V(245), VI (257), V (267), VI (279), V (279), IV (297) ; chiefly quinions ; first three leaves and final three leaves left blank ; catchwords present ; pagination in pencil, Western numerals, supplied during digitization (includes inserts, skips two pages each between pp.3-4, 57-58 and 139-140, mistakenly repeats p.557 twice).</subfield></datafield><datafield tag="500" ind1=" " ind2=" "><subfield code="a">Colophon: "Scribal," triangular, reads: "قد وقع الفراغ من تحرير هذه النسخة الشريفة المسماة بطريقة المحمدية والسيرة الاحمدية لمولانا البركوي محمد افندي تغمده الله مغفرانه واسكنه بحبوحة جنانه من يد الحقير المذنب المحتاج الى رحمة الجليل ابراهيم ابن الحاجي رمضان يوم الثلث قبل الظهر من شهر المحرم في سنة سبع عشر ومائة والف والحمد لله والصلوة والسلام على محمد واله وصحبه اجمعين م م م"</subfield></datafield><datafield tag="500" ind1=" " ind2=" "><subfield code="a">Explicit: "وجلاء القلوب فعليك بها وطالعها حتى تعلم حقيقة مقالنا وقول الحمد لله الذي هدينا وما كنا نهتدي لو لا ان هدينا الله ربنا لا تزغ قلوبنا بعد اذ هديتنا وهب لنا من لدنك رحمة انك انت الوهاب"</subfield></datafield><datafield tag="500" ind1=" " ind2=" "><subfield code="a">Incipit: "الحمد لله الذي جعلنا امة وسطا خير امم ... وبعد فان العقل والنقل يتوافقان والكتاب والسنة يتطابقان ... فاردت ان اصنف الطريقة المحمدية واحببت ان ابين السيرة الاحمدية حتى يعرض عليها عمله كل سالك ..."</subfield></datafield><datafield tag="500" ind1=" " ind2=" "><subfield code="a">Title from colophon on fol.294a (p.596).</subfield></datafield><datafield tag="500" ind1=" " ind2=" "><subfield code="a">Ms. codex.</subfield></datafield><datafield tag="510" ind1="4" ind2=" "><subfield code="a">Brockelmann, C. GAL,</subfield><subfield code="c">II 441 ; SII 655</subfield></datafield><datafield tag="520" ind1="8" ind2=" "><subfield code="a">Neat, well-glossed copy of the sermons and homilies of Birgivî (Birkawī, Birgilī) Mehmet Efendi.</subfield></datafield><datafield tag="538" ind1=" " ind2=" "><subfield code="a">Mode of access: Internet.</subfield></datafield><datafield tag="541" ind1=" " ind2=" "><subfield code="c">Purchase ;</subfield><subfield code="a">Acquired by purchase along with Abdul Hamid Collection (funds donated by Horace Rackham).</subfield><subfield code="d">1924.</subfield></datafield><datafield tag="546" ind1=" " ind2=" "><subfield code="a">Arabic.</subfield></datafield><datafield tag="561" ind1=" " ind2=" "><subfield code="a">Bookplate of British Museum, London on inner front cover,"British Museum, London. No. 111. Al-Tarikat al-muhammadiyah." ; circular seal impression with figure of goat/gazelle in purple ink as well as inscription "186" in Western numerals on front flyleaf ; a waqf statement on fol.4a (p.5) reads: "وقد وقفت هذا الكتاب لرضاء الله تعالى ةقفا صحيحا بحيث لا يباع ولا يوهب ولا يرهن فمن بدله بعد ما سمعه فانما اثمه على الذين يبدلونه ان الله سميع عليم غفر الله تعالى لواقفه ولوالديه ولوالدي والديه واحسن اليهما واليه بلطفه وكرمه وفضله" ; also on fol.4a (p.5) and perhaps pasted over a final portion of the precedeing waqf statement, another detailed waqf statement in the name of al-Sayyid ʻAbd Allāh Adīb (Abdullah Edip), known as Jannatʹzādah (Cennet-zade), qāḍī of Erzurum, accompanied by his seal "عبد الله اديب", reads: "وقفت وقفا صحيحا شرعيا بشرط ان لا يخرج من بيت الكتب الذي بنيته في اتصال داري ان احتاجوا اشد الاحتياج بكفيل مرعى اورهن قوي وانا الفقير السيد عبده [كذا] اديب الشهير بجنت زاده القاضي بمدينة ارضروم عفي عنه في سنة اثنى وستين ومائتين والف" ; occasional brief waqf statements appear in margins throught, "وقف" or "وقفت هذا الكتاب لعن الله على البائع والمشتري" (see fol.294b/p.595), etc. ; extensive marginal and interlinear glosses, often extending on to inserts ; occasional marginal corrections ; notabilia marked "مطلب" or "مبحث" ; extensive abbreviations (sigla and others) employed to represent various authorities and works are elucidated on fol.4a (p.5) ; tail-edge inscription (likely title) virtually illegible.</subfield></datafield><datafield tag="650" ind1=" " ind2="0"><subfield code="a">Manuscripts, Arabic</subfield><subfield code="z">Michigan</subfield><subfield code="z">Ann Arbor.</subfield></datafield><datafield tag="650" ind1=" " ind2="0"><subfield code="a">Islam</subfield><subfield code="x">Doctrines</subfield><subfield code="v">Early works to 1800.</subfield></datafield><datafield tag="650" ind1=" " ind2="0"><subfield code="a">Muslims</subfield><subfield code="x">Conduct of life</subfield><subfield code="v">Early works to 1800.</subfield></datafield><datafield tag="650" ind1=" " ind2="0"><subfield code="a">Islamic ethics</subfield><subfield code="v">Early works to 1800.</subfield></datafield><datafield tag="700" ind1="0" ind2=" "><subfield code="6">880-05</subfield><subfield code="a">Ibrāhīm ibn al-Ḥājī Ramaḍān,</subfield><subfield code="e">scribe,</subfield><subfield code="d">fl.1705.</subfield></datafield><datafield tag="773" ind1="0" ind2=" "><subfield code="a">Tiflis Collection.</subfield></datafield><datafield tag="880" ind1="0" ind2=" "><subfield code="6">700-05/</subfield><subfield code="a">ابراهيم بن الحاجي رمضان،</subfield><subfield code="e">ناسخ.</subfield></datafield><datafield tag="880" ind1="1" ind2="2"><subfield code="6">245-02/</subfield><subfield code="a">الطريفة المحمدية والسيرة الاحمدية,</subfield><subfield code="f">[1117ه, 1705م].</subfield></datafield><datafield tag="880" ind1="0" ind2=" "><subfield code="6">100-01/</subfield><subfield code="a">بركوي, محمد إفندي.</subfield></datafield><datafield tag="CID" ind1=" " ind2=" "><subfield code="a">005984414</subfield></datafield><datafield tag="DAT" ind1="0" ind2=" "><subfield code="a">20190719102633.0</subfield><subfield code="b">20190719000000.0</subfield></datafield><datafield tag="DAT" ind1="1" ind2=" "><subfield code="a">20190719090653.0</subfield><subfield code="b">2019-07-19T16:11:09Z</subfield></datafield><datafield tag="DAT" ind1="2" ind2=" "><subfield code="a">2015-10-10T18:00:06Z</subfield></datafield><datafield tag="CAT" ind1=" " ind2=" "><subfield code="a">SDR-MIU</subfield><subfield code="d">EX LIBRIS - ALEPH</subfield><subfield code="l">prepare.pl-004-008</subfield></datafield><datafield tag="FMT" ind1=" " ind2=" "><subfield code="a">BK</subfield></datafield><datafield tag="HOL" ind1=" " ind2=" "><subfield code="0">sdr-miu005984414</subfield><subfield code="a">MiU</subfield><subfield code="b">SDR</subfield><subfield code="c">MIU</subfield><subfield code="p">mdp.39015079105345</subfield><subfield code="s">MIU</subfield><subfield code="1">005984414</subfield></datafield><datafield tag="974" ind1=" " ind2=" "><subfield code="b">MIU</subfield><subfield code="c">MIU</subfield><subfield code="d">20190719</subfield><subfield code="s">lit-dlps-dc</subfield><subfield code="u">mdp.39015079105345</subfield><subfield code="y">1705</subfield><subfield code="r">pd</subfield><subfield code="q">bib</subfield><subfield code="t">non-US bib date1 &lt; 1879</subfield></datafield></record></collection>